%YAML 1.1
%TAG !u! tag:unity3d.com,2011:
--- !u!1 &2224562637960787120
GameObject:
  m_ObjectHideFlags: 0
  m_CorrespondingSourceObject: {fileID: 0}
  m_PrefabInstance: {fileID: 0}
  m_PrefabAsset: {fileID: 0}
  serializedVersion: 6
  m_Component:
  - component: {fileID: 1974774677176724693}
  - component: {fileID: 9180128335167656098}
  - component: {fileID: 3746262855447693007}
  - component: {fileID: 380578761173318938}
  - component: {fileID: 5058710494285396031}
  - component: {fileID: 3446724892842189477}
  - component: {fileID: 8319241455930304709}
  m_Layer: 0
  m_Name: Log(Clone)
  m_TagString: Untagged
  m_Icon: {fileID: 0}
  m_NavMeshLayer: 0
  m_StaticEditorFlags: 0
  m_IsActive: 1
--- !u!4 &1974774677176724693
Transform:
  m_ObjectHideFlags: 0
  m_CorrespondingSourceObject: {fileID: 0}
  m_PrefabInstance: {fileID: 0}
  m_PrefabAsset: {fileID: 0}
  m_GameObject: {fileID: 2224562637960787120}
  m_LocalRotation: {x: 0.41475666, y: 0.013577414, z: 0.57204497, w: 0.70750064}
  m_LocalPosition: {x: -16.188015, y: 0.026968122, z: -3.2060359}
  m_LocalScale: {x: 0.2, y: 0.2, z: 0.2}
  m_ConstrainProportionsScale: 0
  m_Children:
  - {fileID: 445939465084853803}
  m_Father: {fileID: 0}
  m_RootOrder: 15
  m_LocalEulerAnglesHint: {x: 0, y: 90, z: 0}
--- !u!33 &9180128335167656098
MeshFilter:
  m_ObjectHideFlags: 0
  m_CorrespondingSourceObject: {fileID: 0}
  m_PrefabInstance: {fileID: 0}
  m_PrefabAsset: {fileID: 0}
  m_GameObject: {fileID: 2224562637960787120}
  m_Mesh: {fileID: 4163972364308862258, guid: 6bd982b9b51aeae4a9cb4b566b4da93f, type: 3}
--- !u!23 &3746262855447693007
MeshRenderer:
  m_ObjectHideFlags: 0
  m_CorrespondingSourceObject: {fileID: 0}
  m_PrefabInstance: {fileID: 0}
  m_PrefabAsset: {fileID: 0}
  m_GameObject: {fileID: 2224562637960787120}
  m_Enabled: 1
  m_CastShadows: 1
  m_ReceiveShadows: 1
  m_DynamicOccludee: 1
  m_StaticShadowCaster: 0
  m_MotionVectors: 1
  m_LightProbeUsage: 1
  m_ReflectionProbeUsage: 1
  m_RayTracingMode: 2
  m_RayTraceProcedural: 0
  m_RenderingLayerMask: 1
  m_RendererPriority: 0
  m_Materials:
  - {fileID: 2100000, guid: e47e8f0bb92aaff4c93eedb0398a1c96, type: 2}
  m_StaticBatchInfo:
    firstSubMesh: 0
    subMeshCount: 0
  m_StaticBatchRoot: {fileID: 0}
  m_ProbeAnchor: {fileID: 0}
  m_LightProbeVolumeOverride: {fileID: 0}
  m_ScaleInLightmap: 1
  m_ReceiveGI: 1
  m_PreserveUVs: 0
  m_IgnoreNormalsForChartDetection: 0
  m_ImportantGI: 0
  m_StitchLightmapSeams: 1
  m_SelectedEditorRenderState: 3
  m_MinimumChartSize: 4
  m_AutoUVMaxDistance: 0.5
  m_AutoUVMaxAngle: 89
  m_LightmapParameters: {fileID: 0}
  m_SortingLayerID: 0
  m_SortingLayer: 0
  m_SortingOrder: 0
  m_AdditionalVertexStreams: {fileID: 0}
--- !u!64 &380578761173318938
MeshCollider:
  m_ObjectHideFlags: 0
  m_CorrespondingSourceObject: {fileID: 0}
  m_PrefabInstance: {fileID: 0}
  m_PrefabAsset: {fileID: 0}
  m_GameObject: {fileID: 2224562637960787120}
  m_Material: {fileID: 0}
  m_IncludeLayers:
    serializedVersion: 2
    m_Bits: 0
  m_ExcludeLayers:
    serializedVersion: 2
    m_Bits: 256
  m_LayerOverridePriority: 0
  m_IsTrigger: 0
  m_ProvidesContacts: 0
  m_Enabled: 1
  serializedVersion: 5
  m_Convex: 1
  m_CookingOptions: 30
  m_Mesh: {fileID: 4163972364308862258, guid: 6bd982b9b51aeae4a9cb4b566b4da93f, type: 3}
--- !u!54 &5058710494285396031
Rigidbody:
  m_ObjectHideFlags: 0
  m_CorrespondingSourceObject: {fileID: 0}
  m_PrefabInstance: {fileID: 0}
  m_PrefabAsset: {fileID: 0}
  m_GameObject: {fileID: 2224562637960787120}
  serializedVersion: 4
  m_Mass: 1
  m_Drag: 0
  m_AngularDrag: 0.05
  m_CenterOfMass: {x: 0, y: 0, z: 0}
  m_InertiaTensor: {x: 1, y: 1, z: 1}
  m_InertiaRotation: {x: 0, y: 0, z: 0, w: 1}
  m_IncludeLayers:
    serializedVersion: 2
    m_Bits: 0
  m_ExcludeLayers:
    serializedVersion: 2
    m_Bits: 0
  m_ImplicitCom: 1
  m_ImplicitTensor: 1
  m_UseGravity: 1
  m_IsKinematic: 0
  m_Interpolate: 0
  m_Constraints: 0
  m_CollisionDetection: 0
--- !u!114 &3446724892842189477
MonoBehaviour:
  m_ObjectHideFlags: 0
  m_CorrespondingSourceObject: {fileID: 0}
  m_PrefabInstance: {fileID: 0}
  m_PrefabAsset: {fileID: 0}
  m_GameObject: {fileID: 2224562637960787120}
  m_Enabled: 0
  m_EditorHideFlags: 0
  m_Script: {fileID: 11500000, guid: 63d1a78697318d64abe7513696de480e, type: 3}
  m_Name: 
  m_EditorClassIdentifier: 
  outlineMode: 3
  outlineColor: {r: 0, g: 1, b: 0.9218221, a: 1}
  outlineWidth: 10
  precomputeOutline: 0
  bakeKeys: []
  bakeValues: []
  outlineMaskMaterial: {fileID: 2100000, guid: 106f3ff43a17d4967a2b64c7a92e49ec, type: 2}
  outlineFillMaterial: {fileID: 2100000, guid: 311313efa011949e98b6761d652ad13c, type: 2}
--- !u!114 &8319241455930304709
MonoBehaviour:
  m_ObjectHideFlags: 0
  m_CorrespondingSourceObject: {fileID: 0}
  m_PrefabInstance: {fileID: 0}
  m_PrefabAsset: {fileID: 0}
  m_GameObject: {fileID: 2224562637960787120}
  m_Enabled: 1
  m_EditorHideFlags: 0
  m_Script: {fileID: 11500000, guid: 2579761e16114d94d874d2a9a06887e1, type: 3}
  m_Name: 
  m_EditorClassIdentifier: 
  item:
    itemName: Log
    itemID: 10
    itemDesc: "Un baton assez long, c'est tout. \nD\xE9g\xE2ts : \xE0 pr\xE9ciser"
    itemIcon: {fileID: 21300000, guid: 9fbfc743553ed63428eb91e1af19a7f3, type: 3}
    itemModel: {fileID: 2506576293271477666, guid: 72d3716e95d78ac4bb38e0d941aeff17, type: 3}
    itemValue: 1
    itemType: 1
    itemWeight: 0.2
    maxStack: 1
    indexItemInList: 0
    rarity: 0
    itemAttributes: []
  InteractUI: {fileID: 0}
--- !u!1 &6585529926224322426
GameObject:
  m_ObjectHideFlags: 0
  m_CorrespondingSourceObject: {fileID: 0}
  m_PrefabInstance: {fileID: 0}
  m_PrefabAsset: {fileID: 0}
  serializedVersion: 6
  m_Component:
  - component: {fileID: 445939465084853803}
  - component: {fileID: 2933695535864327871}
  - component: {fileID: 634073699033729427}
  m_Layer: 0
  m_Name: LAFEUILLE
  m_TagString: Untagged
  m_Icon: {fileID: 0}
  m_NavMeshLayer: 0
  m_StaticEditorFlags: 0
  m_IsActive: 1
--- !u!4 &445939465084853803
Transform:
  m_ObjectHideFlags: 0
  m_CorrespondingSourceObject: {fileID: 0}
  m_PrefabInstance: {fileID: 0}
  m_PrefabAsset: {fileID: 0}
  m_GameObject: {fileID: 6585529926224322426}
  m_LocalRotation: {x: -0.6281027, y: -0.53134966, z: -0.36651254, w: 0.43453786}
  m_LocalPosition: {x: 0.018597266, y: 0.41754425, z: 0.17126507}
  m_LocalScale: {x: 9.4445, y: 9.444501, z: 9.444504}
  m_ConstrainProportionsScale: 0
  m_Children: []
  m_Father: {fileID: 1974774677176724693}
  m_RootOrder: -1
  m_LocalEulerAnglesHint: {x: -110.713, y: 90.222, z: -80.61301}
--- !u!33 &2933695535864327871
MeshFilter:
  m_ObjectHideFlags: 0
  m_CorrespondingSourceObject: {fileID: 0}
  m_PrefabInstance: {fileID: 0}
  m_PrefabAsset: {fileID: 0}
  m_GameObject: {fileID: 6585529926224322426}
  m_Mesh: {fileID: -462981019419857548, guid: 13f1f07d393eb3b429ca6efcf971b44a, type: 3}
--- !u!23 &634073699033729427
MeshRenderer:
  m_ObjectHideFlags: 0
  m_CorrespondingSourceObject: {fileID: 0}
  m_PrefabInstance: {fileID: 0}
  m_PrefabAsset: {fileID: 0}
  m_GameObject: {fileID: 6585529926224322426}
  m_Enabled: 1
  m_CastShadows: 1
  m_ReceiveShadows: 1
  m_DynamicOccludee: 1
  m_StaticShadowCaster: 0
  m_MotionVectors: 1
  m_LightProbeUsage: 1
  m_ReflectionProbeUsage: 1
  m_RayTracingMode: 2
  m_RayTraceProcedural: 0
  m_RenderingLayerMask: 1
  m_RendererPriority: 0
  m_Materials:
  - {fileID: -6478536213147159724, guid: 13f1f07d393eb3b429ca6efcf971b44a, type: 3}
  - {fileID: -3846018093981099296, guid: 13f1f07d393eb3b429ca6efcf971b44a, type: 3}
  m_StaticBatchInfo:
    firstSubMesh: 0
    subMeshCount: 0
  m_StaticBatchRoot: {fileID: 0}
  m_ProbeAnchor: {fileID: 0}
  m_LightProbeVolumeOverride: {fileID: 0}
  m_ScaleInLightmap: 1
  m_ReceiveGI: 1
  m_PreserveUVs: 0
  m_IgnoreNormalsForChartDetection: 0
  m_ImportantGI: 0
  m_StitchLightmapSeams: 1
  m_SelectedEditorRenderState: 3
  m_MinimumChartSize: 4
  m_AutoUVMaxDistance: 0.5
  m_AutoUVMaxAngle: 89
  m_LightmapParameters: {fileID: 0}
  m_SortingLayerID: 0
  m_SortingLayer: 0
  m_SortingOrder: 0
  m_AdditionalVertexStreams: {fileID: 0}
